EntityName,CIK,End,COGS,OperatingExpenses,Revenues,OperationalEfficiencyRatio,Quarter
THE BOEING COMPANY,12927,2007-12-31,45375.0,0.0,66387.0,0.68,Q4-2007
THE BOEING COMPANY,12927,2008-06-30,34062.0,0.0,49914.0,0.68,Q2-2008
THE BOEING COMPANY,12927,2008-09-30,43047.0,0.0,63538.0,0.68,Q3-2008
THE BOEING COMPANY,12927,2008-12-31,83324.0,0.0,121818.0,0.68,Q4-2008
THE BOEING COMPANY,12927,2009-03-31,11579.0,0.0,33004.0,0.35,Q1-2009
THE BOEING COMPANY,12927,2009-06-30,69478.0,0.0,118774.0,0.58,Q2-2009
THE BOEING COMPANY,12927,2009-09-30,95410.0,0.0,150752.0,0.63,Q3-2009
THE BOEING COMPANY,12927,2009-12-31,142917.0,0.0,222780.0,0.64,Q4-2009
THE BOEING COMPANY,12927,2010-03-31,19644.0,0.0,60864.0,0.32,Q1-2010
THE BOEING COMPANY,12927,2010-06-30,60104.0,0.0,123870.0,0.49,Q2-2010
THE BOEING COMPANY,12927,2010-09-30,84802.0,0.0,163380.0,0.52,Q3-2010
THE BOEING COMPANY,12927,2010-12-31,126582.0,0.0,226018.0,0.56,Q4-2010
THE BOEING COMPANY,12927,2011-03-31,19012.0,0.0,59640.0,0.32,Q1-2011
THE BOEING COMPANY,12927,2011-06-30,62304.0,0.0,129078.0,0.48,Q2-2011
THE BOEING COMPANY,12927,2011-09-30,88682.0,0.0,169268.0,0.52,Q3-2011
THE BOEING COMPANY,12927,2011-12-31,139926.0,0.0,245315.0,0.57,Q4-2011
THE BOEING COMPANY,12927,2012-03-31,27322.0,0.0,77532.0,0.35,Q1-2012
THE BOEING COMPANY,12927,2012-06-30,86358.0,0.0,158796.0,0.54,Q2-2012
THE BOEING COMPANY,12927,2012-09-30,115572.0,0.0,198824.0,0.58,Q3-2012
THE BOEING COMPANY,12927,2012-12-31,180927.0,0.0,289698.0,0.62,Q4-2012
THE BOEING COMPANY,12927,2013-03-31,27456.0,0.0,75572.0,0.36,Q1-2013
THE BOEING COMPANY,12927,2013-06-30,93204.0,0.0,168676.0,0.55,Q2-2013
THE BOEING COMPANY,12927,2013-09-30,127790.0,0.0,214196.0,0.6,Q3-2013
THE BOEING COMPANY,12927,2013-12-31,196920.0,0.0,307439.0,0.64,Q4-2013
THE BOEING COMPANY,12927,2014-03-31,30516.0,0.0,81860.0,0.37,Q1-2014
THE BOEING COMPANY,12927,2014-06-30,97212.0,0.0,173200.0,0.56,Q2-2014
THE BOEING COMPANY,12927,2014-09-30,136228.0,0.0,227724.0,0.6,Q3-2014
THE BOEING COMPANY,12927,2014-12-31,205653.0,0.0,321222.0,0.64,Q4-2014
THE BOEING COMPANY,12927,2015-03-31,32760.0,0.0,88596.0,0.37,Q1-2015
THE BOEING COMPANY,12927,2015-06-30,109748.0,0.0,191556.0,0.57,Q2-2015
THE BOEING COMPANY,12927,2015-09-30,148826.0,0.0,248478.0,0.6,Q3-2015
THE BOEING COMPANY,12927,2015-12-31,220338.0,0.0,335488.0,0.66,Q4-2015
THE BOEING COMPANY,12927,2016-03-31,33890.0,0.0,90528.0,0.37,Q1-2016
THE BOEING COMPANY,12927,2016-06-30,114950.0,0.0,193794.0,0.59,Q2-2016
THE BOEING COMPANY,12927,2016-09-30,146048.0,0.0,238162.0,0.61,Q3-2016
THE BOEING COMPANY,12927,2016-12-31,145426.0,0.0,329210.0,0.44,Q4-2016
THE BOEING COMPANY,12927,2017-03-31,31425.0,0.0,85874.0,0.37,Q1-2017
THE BOEING COMPANY,12927,2017-06-30,97959.0,0.0,180307.0,0.54,Q2-2017
THE BOEING COMPANY,12927,2017-09-30,67906.0,0.0,234323.0,0.29,Q3-2017
THE BOEING COMPANY,12927,2017-12-31,68365.0,0.0,331540.0,0.21,Q4-2017
THE BOEING COMPANY,12927,2018-03-31,16816.0,0.0,93528.0,0.18,Q1-2018
THE BOEING COMPANY,12927,2018-06-30,51688.0,0.0,192312.0,0.27,Q2-2018
THE BOEING COMPANY,12927,2018-09-30,,0.0,246156.0,,Q3-2018
THE BOEING COMPANY,12927,2018-12-31,,0.0,360063.0,,Q4-2018
THE BOEING COMPANY,12927,2019-03-31,,0.0,91668.0,,Q1-2019
THE BOEING COMPANY,12927,2019-06-30,,0.0,140340.0,,Q2-2019
THE BOEING COMPANY,12927,2019-09-30,,0.0,197216.0,,Q3-2019
THE BOEING COMPANY,12927,2019-12-31,,0.0,265499.0,,Q4-2019
THE BOEING COMPANY,12927,2020-03-31,,0.0,50724.0,,Q1-2020
THE BOEING COMPANY,12927,2020-06-30,,0.0,92851.0,,Q2-2020
THE BOEING COMPANY,12927,2020-09-30,,0.0,128125.0,,Q3-2020
THE BOEING COMPANY,12927,2020-12-31,,0.0,189778.0,,Q4-2020
THE BOEING COMPANY,12927,2021-03-31,,0.0,30434.0,,Q1-2021
THE BOEING COMPANY,12927,2021-06-30,,0.0,98426.0,,Q2-2021
THE BOEING COMPANY,12927,2021-09-30,,0.0,125542.0,,Q3-2021
THE BOEING COMPANY,12927,2021-12-31,,0.0,124572.0,,Q4-2021
THE BOEING COMPANY,12927,2022-03-31,,0.0,27982.0,,Q1-2022
THE BOEING COMPANY,12927,2022-06-30,,0.0,94706.0,,Q2-2022
THE BOEING COMPANY,12927,2022-09-30,,0.0,125168.0,,Q3-2022
THE BOEING COMPANY,12927,2022-12-31,,0.0,66608.0,,Q4-2022
THE BOEING COMPANY,12927,2023-03-31,,0.0,17921.0,,Q1-2023
THE BOEING COMPANY,12927,2023-06-30,,0.0,57423.0,,Q2-2023
THE BOEING COMPANY,12927,2023-09-30,,0.0,73880.0,,Q3-2023
